ISA*00*          *00*          *ZZ*SENDER         *ZZ*RECEIVER       *250114*1200*U*00401*000000001*0*P*~
GS*HP*SENDER*RECEIVER*20250114*1200*1*X*004010~
ST*820*0001~
BPR*C*1000.00*C*ACH*CCP*01*123456789*DA*987654321*1234567890**01*999999999*DA*123456789*20250131~
TRN*1*12345678901234567*1234567890~
N1*PR*PAYER NAME~
N1*PE*PAYEE NAME~
ENT*1*1P*12345~
SE*8*0001~
GE*1*1~
IEA*1*000000001~
